@misc{ndfa_a,
  author          = {RAZAFINDRAIBE, Nandraina},
  title           = {Automate fini non déterministe de "a"},
  year            = {2024},
  note = {Réalisé avec draw.io}
}

@misc{ndfa_tab_a,
  author          = {RAZAFINDRAIBE, Nandraina},
  title           = {Représentation de l'AFND de "a"},
  year            = {2024},
  note = {Réalisé avec draw.io}
}
@misc{ndfa_b,
  author          = {RAZAFINDRAIBE, Nandraina},
  title           = {Automate fini non déterministe de "b"},
  year            = {2024},
  note = {Réalisé avec draw.io}
}

@misc{ndfa_tab_b,
  author          = {RAZAFINDRAIBE, Nandraina},
  title           = {Représentation de l'AFND de "b"},
  year            = {2024},
  note = {Réalisé avec draw.io}
}

@misc{ndfa_ab,
  author          = {RAZAFINDRAIBE, Nandraina},
  title           = {Automate fini non déterministe de "ab"},
  year            = {2024},
  note = {Réalisé avec draw.io}
}

@misc{ndfa_tab_ab,
  author          = {RAZAFINDRAIBE, Nandraina},
  title           = {Représentation de l'AFND de "ab"},
  year            = {2024},
  note = {Réalisé avec draw.io}
}